@misc{website:fermentas-lambda,
      author = "Fermentas Inc.",
      title = "Phage Lambda: description \& restriction map",
      month = "November",
      year = "2008",
      howpublished = "\url{http://www.fermentas.com/techinfo/nucleicacids/maplambda.htm}"
}

@misc{toptenesolangs,
      author = "Holger, L",
      title = "Top 10 Truly Bizarre Programming Languages",
      month = "February",
      year = "2011",
      howpublished = "\url{http://listverse.com/2011/02/17/top-10-truly-bizarre-programming-languages/}"
}

@misc{omgrofl,
      author = "Wikipedia",
      title = "Omgrofl",
      month = "September",
      year = "2013",
      howpublished = "\url{https://esolangs.org/wiki/Omgrofl}"
}

@misc{brainfuck,
      author = "Wikipedia",
      title = "Brainfuck",
      month = "August",
      year = "2016",
      howpublished = "\url{https://en.wikipedia.org/wiki/Brainfuck}"
}

@misc{emacs,
      author = "Wikipedia",
      title = "Emacs",
      month = "August",
      year = "2016",
      howpublished = "\url{https://en.wikipedia.org/wiki/Emacs}"
}

@misc{scala,
      author = "Martin Odersky",
      title = "Scala's Prehistory",
      month = "August",
      year = "2008",
      howpublished = "\url{http://www.scala-lang.org/old/node/239.html}"
}

@article{c++vsobjective-c,
    author  = "Michael Rutman",
    title   = "C++ Versus Objective-C",
    year    = "1997",
    journal = "MacTech",
    volume  = "13",
    number  = "3"
}

@misc{c++,
      author = "Wikipedia",
      title = "C++",
      month = "August",
      year = "2016",
      howpublished = "\url{https://en.wikipedia.org/wiki/C%2B%2B}"
}

@misc{objective-c,
      author = "Wikipedia",
      title = "Objective-C",
      month = "August",
      year = "2016",
      howpublished = "\url{https://en.wikipedia.org/wiki/Objective-C}"
}

@misc{valgrind,
      author = "Wikipedia",
      title = "Valgrind",
      month = "June",
      year = "2016",
      howpublished = "\url{https://en.wikipedia.org/wiki/Valgrind}"
}

@misc{alice,
      author = "Wikipedia",
      title = "Alice (programming language)",
      month = "March",
      year = "2016",
      howpublished = "\url{https://en.wikipedia.org/wiki/Alice_(programming_language)}"
}

@misc{alicesoftware,
      author = "Wikipedia",
      title = "Alice (software)",
      month = "March",
      year = "2016",
      howpublished = "\url{https://en.wikipedia.org/wiki/Alice_(software)}"
}

@misc{aliceguide,
      author = "Brad Templeton",
      title = "ALICE User Guide \& Reference",
      howpublished = "\url{http://www.templetons.com/brad/alice/guide/guide1.html}"
}

@misc{dbc,
      author = "Wikipedia",
      title = "Design by Contract",
      month = "July",
      year = "2016",
      howpublished = "\url{https://en.wikipedia.org/wiki/Design_by_contract}"
}